<record><leader>00000cas a22000007a 4500</leader><controlfield tag="001">12961781</controlfield><controlfield tag="008">851231d1816182unyuwr ne      0    0eng d</controlfield><datafield ind1=" " ind2=" " tag="010"><subfield code="a">sn 85038701 </subfield></datafield><datafield ind1=" " ind2=" " tag="040"><subfield code="a">NPY</subfield><subfield code="b">eng</subfield><subfield code="c">NPY</subfield><subfield code="d">NYS</subfield><subfield code="d">NYG</subfield><subfield code="d">NYS</subfield><subfield code="d">OCL</subfield><subfield code="d">BUF</subfield><subfield code="d">OCLCQ</subfield><subfield code="d">OCLCF</subfield><subfield code="d">OCLCO</subfield></datafield><datafield ind1="1" ind2=" " tag="029"><subfield code="a">AU@</subfield><subfield code="b">000020125538</subfield></datafield><datafield ind1=" " ind2=" " tag="042"><subfield code="a">msc</subfield></datafield><datafield ind1=" " ind2=" " tag="043"><subfield code="a">n-us-ny</subfield></datafield><datafield ind1="1" ind2="4" tag="050"><subfield code="a">AN256.O9</subfield><subfield code="b">O7</subfield></datafield><datafield ind1="0" ind2=" " tag="130"><subfield code="a">Ovid gazette (Ovid, N.Y. : 1816)</subfield></datafield><datafield ind1="1" ind2="4" tag="245"><subfield code="a">The Ovid gazette.</subfield></datafield><datafield ind1=" " ind2=" " tag="260"><subfield code="a">Ovid, N.Y. :</subfield><subfield code="b">Michael Hayes</subfield></datafield><datafield ind1=" " ind2=" " tag="300"><subfield code="a">v. ;</subfield><subfield code="c">53 cm.</subfield></datafield><datafield ind1=" " ind2=" " tag="310"><subfield code="a">Weekly</subfield></datafield><datafield ind1="1" ind2=" " tag="362"><subfield code="a">Began in 1816?</subfield></datafield><datafield ind1=" " ind2=" " tag="500"><subfield code="a">Publishers: Michael Hayes, &lt;1821&gt;; Hayes &amp; Fowle, &lt;1824&gt;, Michael Hayes, &lt;1825-1826&gt;.</subfield></datafield><datafield ind1=" " ind2=" " tag="588"><subfield code="a">Description based on: Vol. 4, no. 15 (Jan. 31, 1821).</subfield></datafield><datafield ind1=" " ind2="0" tag="651"><subfield code="a">Ovid (N.Y.)</subfield><subfield code="v">Newspapers.</subfield></datafield><datafield ind1=" " ind2="7" tag="655"><subfield code="a">Newspapers.</subfield><subfield code="2">fast</subfield><subfield code="0">(OCoLC)fst01423814</subfield></datafield><datafield ind1=" " ind2="7" tag="651"><subfield code="a">New York (State)</subfield><subfield code="z">Ovid.</subfield><subfield code="2">fast</subfield><subfield code="0">(OCoLC)fst01203322</subfield></datafield><datafield ind1=" " ind2=" " tag="752"><subfield code="a">United States</subfield><subfield code="b">New York</subfield><subfield code="c">Seneca</subfield><subfield code="d">Ovid.</subfield></datafield><datafield ind1="0" ind2="0" tag="780"><subfield code="t">Seneca patriot (Ovid, N.Y.)</subfield><subfield code="w">(DLC)sn 85026925</subfield></datafield><datafield ind1="0" ind2="0" tag="785"><subfield code="t">Ovid gazette, and general advertiser</subfield><subfield code="w">(DLC)sn 90066001</subfield><subfield code="w">(OCoLC)21056317</subfield></datafield></record>